@Book{xie2015,
  title = {Dynamic Documents with {R} and knitr},
  author = {Yihui Xie},
  publisher = {Chapman and Hall/CRC},
  address = {Boca Raton, Florida},
  year = {2015},
  edition = {2nd},
  note = {ISBN 978-1498716963},
  url = {http://yihui.org/knitr/},
}

@book{haan2006extreme,
  title={Extreme value theory: an introduction},
  author={Haan, Laurens and Ferreira, Ana},
  volume={3},
  year={2006},
  publisher={Springer}
}

@book{coles2001introduction,
  title={An introduction to statistical modeling of extreme values},
  author={Coles, Stuart and Bawa, Joanna and Trenner, Lesley and Dorazio, Pat},
  volume={208},
  year={2001},
  publisher={Springer}
}

@book{hyndman2021forecasting,
  title     = {Forecasting: Principles and Practice},
  author    = {Hyndman, Rob J. and Athanasopoulos, George},
  edition   = {3},
  year      = {2021},
  note      = {Online book},
  url       = {https://otexts.com/fpp3/},
  publisher = {OTexts}
}


@article{dickey1981likelihood,
  title={Likelihood ratio statistics for autoregressive time series with a unit root},
  author={Dickey, David A and Fuller, Wayne A},
  journal={Econometrica: journal of the Econometric Society},
  pages={1057--1072},
  year={1981},
  publisher={JSTOR}
}
